@misc{shuoming,
  title = {研究生院网站$\rightarrow$培养$\rightarrow$论文答辩},
  url = {http://yjsy.cic.tsinghua.edu.cn/docinfo/board2/boardlist.jsp?columnId=0010506&parentColumnId=00105}
}

@misc{macvim,
  title = {不完美解决 macvim 与输入法的困扰},
  url = {https://www.v2ex.com/t/40375}
}

